
@manual{www:tokipona.org,
        AUTHOR = "Sonja Lang",
        TITLE = "toki pona -- offical book (first English edition 2014) and website",
        ADDRESS = { \\ \htmladdnormallink{http://www.tokipona.org}{http://www.tokipona.org}},
}

@manual{irc:freenode:tokipona,
        TITLE = "toki pona -- chat troom",
        ADDRESS = { \\ \htmladdnormallink{irc://irc.freenode.net/tokipona}{irc://irc.freenode.net/tokipona}},
}

@manual{www:forum:tokipona,
        TITLE = "toki pona -- forum",
        ADDRESS = { \\ \htmladdnormallink{http://forums.tokipona.org}{http://forums.tokipona.org}}
}

@manual{www:Pije:01,
        TITLE  = "toki pona -- Lessons (2015)",
        AUTHOR = "Knight, B. J.",
        ADDRESS = { \\ \htmladdnormallink{http://tokipona.net/tp/janpije/}{http://tokipona.net/tp/janpije/}}
}

@manual{www:rowa:01,
        AUTHOR = "Warnke, Robert",
        TITLE  = "toki pona -- Deutsche Version",
        ADDRESS = { \\ \htmladdnormallink{https://jan-lope.github.io/Toki_Pona_Lektionen_Deutsch/}{https://jan-lope.github.io/Toki_Pona_Lektionen_Deutsch/}}
}

@manual{www:rowa:02,
        AUTHOR = "Warnke, Robert",
        TITLE  = "Toki Pona Parser",
        ADDRESS = { \\ \htmladdnormallink{https://jan-lope.github.io/Toki_Pona-Parser/}{https://jan-lope.github.io/Toki_Pona-Parser/}}
}

@manual{www:Mata:01,
        AUTHOR = "Krzeminska, Marta",
        TITLE  = "ale li pona",
        ADDRESS = { \\ \htmladdnormallink{https://alelipona.wordpress.com/}{https://alelipona.wordpress.com}}
}

@manual{www:Mata:02,
        AUTHOR = "Krzeminska, Marta",
        TITLE  = "You Tube",
        ADDRESS = { \\ \htmladdnormallink{https://www.youtube.com/watch?v=durtjjf87dY}{https://www.youtube.com/watch?v=durtjjf87dY}}
}

@manual{www:PaulGoguen:01,
        AUTHOR = "Goguen, Paul",
        TITLE  = "sike tu li pona",
        ADDRESS = { \\ \htmladdnormallink{http://tokipona.net/tp/janpije/music.php}{http://tokipona.net/tp/janpije/music.php}}
}

@manual{www:failbluedot:01,
        AUTHOR = "F., Michael",
        TITLE  = "jan sewi li lon tan seme?",
        ADDRESS = { \\ \htmladdnormallink{http://failbluedot.com/toki_pona/}{http://failbluedot.com/toki_pona/}}
}

@manual{www:janKluisa:01,
        AUTHOR = "jan Kulisa",
        TITLE  = "sina suno mi.",
        ADDRESS = { \\ \htmladdnormallink{https://soundcloud.com/christa-hansberry/sina-suno-mi}{https://soundcloud.com/christa-hansberry/sina-suno-mi}}
}

@manual{www:sowelitoki:01,
        AUTHOR = "jan Ote",
        TITLE  = "soweli toki",
        ADDRESS = { \\ \htmladdnormallink{http://soweli.blogspot.de/}{http://soweli.blogspot.de/}}
}

@manual{www:olukin:01,
        AUTHOR = "jan Ote",
        TITLE  = "o lukin!",
        ADDRESS = { \\ \htmladdnormallink{http://olukin.blogspot.de/}{http://olukin.blogspot.de}}
}

@manual{www:memrise:01,
        AUTHOR = "memrise.com",
        TITLE  = "memrise",
        ADDRESS = { \\ \htmladdnormallink{http://www.memrise.com/courses/german/toki-pona/}{http://www.memrise.com/courses/german/toki-pona/}}
}

@manual{www:tokipona.net:01,
        AUTHOR = "tokipona.net",
        TITLE  = "tokipona.net",
        ADDRESS = { \\ \htmladdnormallink{http://tokipona.net/tp/Transliterate.aspx}{http://tokipona.net/tp/Transliterate.aspx}}
}

@manual{www:astrodonunt:01,
        AUTHOR = "jan Mali",
        TITLE  = "Learn toki pona in a fortnight",
        ADDRESS = { \\ \htmladdnormallink{https://www.youtube.com/user/astrodonunt/videos}{https://www.youtube.com/user/astrodonunt/videos}}
}

@manual{www:astrodonunt:02,
        AUTHOR = "jan Mali",
        TITLE  = "Heads, shoulders, knees and toes",
        ADDRESS = { \\ \htmladdnormallink{https://www.youtube.com/watch?v=VHvtu1FZkYY}{https://www.youtube.com/watch?v=VHvtu1FZkYY}}
}

@manual{www:janJon:01,
        AUTHOR = "jan Jon",
        TITLE  = "kalama musi pi tenpo pimeja pi jan tawa",
        ADDRESS = { \\ \htmladdnormallink{https://github.com/heuchi}{https://github.com/heuchi}}
}

@manual{www:piraha:01,
        AUTHOR = "Pirah\'{a}",
        TITLE  = "Pirah\'{a}",
        ADDRESS = { \\ \htmladdnormallink{https://www.youtube.com/watch?v=MZgtDHDHWcs}{https://www.youtube.com/watch?v=MZgtDHDHWcs}}
}

@manual{www:tokipona.org:02,
        AUTHOR = "Sonja Lang",
        TITLE  = "sitelen pona",
        ADDRESS = { \\ \htmladdnormallink{http://tokipona.net/tp/janpije/hieroglyphs.php}{http://tokipona.net/tp/janpije/hieroglyphs.php}}
}

@manual{www:jonathangabel.com:01,
        AUTHOR = "Jonathan Gabel",
        TITLE  = "sitelen sitelen",
        ADDRESS = { \\ \htmladdnormallink{http://www.jonathangabel.com/archive/2012/projects_t47.html}{http://www.jonathangabel.com/archive/2012/projects_t47.html}}
}

@manual{www:janMakuwe:01,
        AUTHOR = "jan Makuwe",
        TITLE  = "sitelen pona",
        ADDRESS = { \\ \htmladdnormallink{https://twitter.com/janMakuwe}{https://twitter.com/janMakuwe}}
}




